@string{lncs = "LNCS"}
@string{springer = "Springer"}

@inproceedings{Hawkins+2011,
 author = {Hawkins, Peter and Aiken, Alex and Fisher, Kathleen and Rinard, Martin and Sagiv, Mooly},
 title = {Data Representation Synthesis},
 booktitle = {Proceedings of the 32Nd ACM SIGPLAN Conference on Programming Language Design and Implementation},
 year = {2011},
 publisher = {ACM}
}

@incollection{Haftman+2013,
author={Haftmann, Florian and Krauss, Alexander and Kunčar, Ondřej and Nipkow, Tobias},
title={Data Refinement in Isabelle/HOL},
booktitle={Interactive Theorem Proving},
year={2013},
publisher={Springer Berlin Heidelberg}
}

@incollection{Lammich+2013,
author={Lammich, Peter},
title={Automatic Data Refinement},
booktitle={Interactive Theorem Proving},
year={2013},
publisher={Springer Berlin Heidelberg}
}

@incollection{Cohen+2013,
author={Cohen, Cyril and Dénès, Maxime and Mörtberg, Anders},
title={Refinements for Free!},
booktitle={Certified Programs and Proofs},
year={2013},
publisher={Springer International Publishing}
}

@Misc{SpecWare,
  key = 	 {SpecWare},
  OPTauthor = 	 {},
  OPTtitle = 	 {SpecWare},
  OPThowpublished = {},
  OPTmonth = 	 {},
  OPTyear = 	 {},
  note = 	 {http://www.kestrel.edu/home/prototypes/specware.html},
  OPTannote = 	 {}
}
